
% MR1954562
@article {Alb-2002,
    AUTHOR = {Alberty, J. and Carstensen, C. and Funken, S. A. and Klose,
              R.},
     TITLE = {Matlab implementation of the finite element method in
              elasticity},
   JOURNAL = {Computing},
  FJOURNAL = {Computing. Archives for Scientific Computing},
    VOLUME = {69},
      YEAR = {2002},
    NUMBER = {3},
     PAGES = {239--263},
      ISSN = {0010-485X},
   MRCLASS = {74S05 (65N30 74-04)},
  MRNUMBER = {1954562},
       DOI = {10.1007/s00607-002-1459-8},
       URL = {https://doi.org/10.1007/s00607-002-1459-8},
}


% MR2322235
@book {Bra-2007,
    AUTHOR = {Braess, Dietrich},
     TITLE = {Finite {E}lemente. {T}heorie, schnelle {L}\"{o}ser und {A}nwendungen in der {E}leastizit\"{a}tstheorie},
   EDITION = {Fourth},
 PUBLISHER = {{S}pringer {V}erlag, {B}erlin},
      YEAR = {2007},
     PAGES = {xviii+367},
      ISBN = {978-3-540-72449-0; 0-521-70518-5},
   MRCLASS = {65N30 (65-02 74S05)},
  MRNUMBER = {2322235},
       DOI = {10.1017/CBO9780511618635},
       URL = {https://doi.org/10.1017/CBO9780511618635},
  LANGUAGE = {german},
}

% MR2824163
@article {Car-2011,
    AUTHOR = {Carstensen, C. and Eigel, M. and Gedicke, J.},
     TITLE = {Computational competition of symmetric mixed {FEM} in linear
              elasticity},
   JOURNAL = {Comput. Methods Appl. Mech. Engrg.},
  FJOURNAL = {Computer Methods in Applied Mechanics and Engineering},
    VOLUME = {200},
      YEAR = {2011},
    NUMBER = {41-44},
     PAGES = {2903--2915},
      ISSN = {0045-7825},
   MRCLASS = {74S05 (65N30 74B05)},
  MRNUMBER = {2824163},
       DOI = {10.1016/j.cma.2011.05.013},
       URL = {https://doi.org/10.1016/j.cma.2011.05.013},
}

% MR936420
@book {Cia-1988,
    AUTHOR = {Ciarlet, Philippe G.},
     TITLE = {Mathematical elasticity. {V}ol. {I}. Three-dimensional elasticity},
    SERIES = {Studies in Mathematics and its Applications},
    VOLUME = {20},
      NOTE = {},
 PUBLISHER = {North-Holland Publishing Co., Amsterdam},
      YEAR = {1988},
     PAGES = {xlii+451},
      ISBN = {0-444-70259-8},
   MRCLASS = {73-02 (73Cxx)},
  MRNUMBER = {936420},
MRREVIEWER = {Cornelius O. Horgan},
}

% MR0521262
@book {Duv-1976,
    AUTHOR = {Duvaut, G. and Lions, J.-L.},
     TITLE = {Inequalities in mechanics and physics},
    SERIES = {Grundlehren der Mathematischen Wissenschaften.},
    VOLUME = {219},
 PUBLISHER = {Translated from the French by C. W. John. Springer-Verlag, Berlin-New York},
      YEAR = {1976},
     PAGES = {xvi+397},
      ISBN = {3-540-07327-2},
   MRCLASS = {69.00},
  MRNUMBER = {0521262},
}

% MR0106584
@book {Lif-1959,
    AUTHOR = {Landau, L. D. and Lifshitz, E. M.},
     TITLE = {Theory of elasticity},
    SERIES = {Course of Theoretical Physics, Vol. 7. Translated by J. B. Sykes and W. H. Reid},
 PUBLISHER = {Pergamon Press, London-Paris-Frankfurt; Addison-Wesley
              Publishing Company, Inc., Reading, Mass.},
      YEAR = {1959},
     PAGES = {viii+134},
   MRCLASS = {73.00},
  MRNUMBER = {0106584},
}

% MR631678
@article {Nit-1981,
    AUTHOR = {Nitsche, J. A.},
     TITLE = {On {K}orn's second inequality},
   JOURNAL = {RAIRO Anal. Num\'{e}r.},
  FJOURNAL = {RAIRO Analyse Num\'{e}rique},
    VOLUME = {15},
      YEAR = {1981},
    NUMBER = {3},
     PAGES = {237--248},
      ISSN = {0399-0516},
   MRCLASS = {35B45 (73C99)},
  MRNUMBER = {631678},
MRREVIEWER = {L. E. Payne},
}

% MR3059294
@book {Ver-2013,
    AUTHOR = {Verf\"{u}rth, R\"{u}diger},
     TITLE = {A posteriori error estimation techniques for finite element
              methods},
    SERIES = {Numerical Mathematics and Scientific Computation},
 PUBLISHER = {Oxford University Press, Oxford},
      YEAR = {2013},
     PAGES = {xx+393},
      ISBN = {978-0-19-967942-3},
   MRCLASS = {65N30 (35J25 35K20 35Q30 35Q74 65N15)},
  MRNUMBER = {3059294},
MRREVIEWER = {Manfred Dobrowolski},
       DOI = {10.1093/acprof:oso/9780199679423.001.0001},
       URL = {https://doi.org/10.1093/acprof:oso/9780199679423.001.0001},
}

