
% MR1954562
@article {Alb-2002,
    AUTHOR = {Alberty, J. and Carstensen, C. and Funken, S. A. and Klose,
              R.},
     TITLE = {Matlab implementation of the finite element method in
              elasticity},
   JOURNAL = {Computing},
  FJOURNAL = {Computing. Archives for Scientific Computing},
    VOLUME = {69},
      YEAR = {2002},
    NUMBER = {3},
     PAGES = {239--263},
      ISSN = {0010-485X},
   MRCLASS = {74S05 (65N30 74-04)},
  MRNUMBER = {1954562},
       DOI = {10.1007/s00607-002-1459-8},
       URL = {https://doi.org/10.1007/s00607-002-1459-8},
}

% MR3497775
@book {Alt-2016,
    AUTHOR = {Alt, Hans Wilhelm},
     TITLE = {Linear functional analysis. An application-oriented introduction},
    SERIES = {Universitext. Translated from the German edition by Robert N\"{u}rnberg},
 PUBLISHER = {Springer-Verlag London, Ltd., London},
      YEAR = {2016},
     PAGES = {xii+435},
      ISBN = {978-1-4471-7279-6; 978-1-4471-7280-2},
   MRCLASS = {46-01},
  MRNUMBER = {3497775},
       DOI = {10.1007/978-1-4471-7280-2},
       URL = {https://doi.org/10.1007/978-1-4471-7280-2},
}

% MR2322235
@book {Bra-2007,
    AUTHOR = {Braess, Dietrich},
     TITLE = {Finite {E}lemente. {T}heorie, schnelle {L}\"{o}ser und {A}nwendungen in der {E}leastizit\"{a}tstheorie},
   EDITION = {Fourth},
 PUBLISHER = {{S}pringer {V}erlag, {B}erlin},
      YEAR = {2007},
     PAGES = {xviii+367},
      ISBN = {978-3-540-72449-0; 0-521-70518-5},
   MRCLASS = {65N30 (65-02 74S05)},
  MRNUMBER = {2322235},
       DOI = {10.1017/CBO9780511618635},
       URL = {https://doi.org/10.1017/CBO9780511618635},
  LANGUAGE = {german},
}

% MR2824163
@article {Car-2011,
    AUTHOR = {Carstensen, C. and Eigel, M. and Gedicke, J.},
     TITLE = {Computational competition of symmetric mixed {FEM} in linear
              elasticity},
   JOURNAL = {Comput. Methods Appl. Mech. Engrg.},
  FJOURNAL = {Computer Methods in Applied Mechanics and Engineering},
    VOLUME = {200},
      YEAR = {2011},
    NUMBER = {41-44},
     PAGES = {2903--2915},
      ISSN = {0045-7825},
   MRCLASS = {74S05 (65N30 74B05)},
  MRNUMBER = {2824163},
       DOI = {10.1016/j.cma.2011.05.013},
       URL = {https://doi.org/10.1016/j.cma.2011.05.013},
}

% MR936420
@book {Cia-1988,
    AUTHOR = {Ciarlet, Philippe G.},
     TITLE = {Mathematical elasticity. {V}ol. {I}. Three-dimensional elasticity},
    SERIES = {Studies in Mathematics and its Applications},
    VOLUME = {20},
      NOTE = {},
 PUBLISHER = {North-Holland Publishing Co., Amsterdam},
      YEAR = {1988},
     PAGES = {xlii+451},
      ISBN = {0-444-70259-8},
   MRCLASS = {73-02 (73Cxx)},
  MRNUMBER = {936420},
MRREVIEWER = {Cornelius O. Horgan},
}

% Conti Funkana
@misc{Con-2021,
  author        = {Conti, Sergio},
  title         = {{E}inf\"{u}hrung in die {F}unktionalanalysis. {L}ecture notes},
  month         = {February},
  year          = {2022},
  howpublished={{U}niversit\"{a}t {B}onn},
  LANGUAGE 	= {german},
}

% MR1393904
@article {Doe-1996,
    AUTHOR = {D\"{o}rfler, Willy},
     TITLE = {A convergent adaptive algorithm for {P}oisson's equation},
   JOURNAL = {SIAM J. Numer. Anal.},
  FJOURNAL = {SIAM Journal on Numerical Analysis},
    VOLUME = {33},
      YEAR = {1996},
    NUMBER = {3},
     PAGES = {1106--1124},
      ISSN = {0036-1429},
   MRCLASS = {65N50 (65N55)},
  MRNUMBER = {1393904},
MRREVIEWER = {S. F. McCormick},
       DOI = {10.1137/0733054},
       URL = {https://doi.org/10.1137/0733054},
}

% MR0521262
@book {Duv-1976,
    AUTHOR = {Duvaut, G. and Lions, J.-L.},
     TITLE = {Inequalities in mechanics and physics},
    SERIES = {Grundlehren der Mathematischen Wissenschaften.},
    VOLUME = {219},
 PUBLISHER = {Translated from the French by C. W. John. Springer-Verlag, Berlin-New York},
      YEAR = {1976},
     PAGES = {xvi+397},
      ISBN = {3-540-07327-2},
   MRCLASS = {69.00},
  MRNUMBER = {0521262},
}

@book {Gei-2002,
    AUTHOR = {Geiger, C. and Kanzow, C.},
     TITLE = {Theorie und Numerik restringierter Optimierungsaufgaben},
      SUBTITLE = {Mit 140 \"{U}bungsaufgaben},
   EDITION = {First},
 PUBLISHER = {Springer-Verlag, Berlin-Heidelberg},
      YEAR = {2002},
     PAGES = {xvi+397},
      ISBN = {978-3-642-56004-0},
  LANGUAGE 	= {german},
}

@misc{Ged-2021a,
  AUTHOR        = {Gedicke, Joscha},
  TITLE         = {{E}inf\"{u}hrung in die {N}umerische {M}athematik. {L}ecture notes},
  MONTH         = {June},
  YEAR          = {2021},
  HOWPUBLISHED={{U}niversit\"{a}t {B}onn},
  LANGUAGE 	= {german},
}

@misc{Ged-2021b,
  AUTHOR        = {Gedicke, Joscha},
  TITLE         = {{W}issenschaftliches {R}echnen {I}. {L}ecture notes},
  HOWPUBLISHED={{U}niversit\"{a}t {B}onn},
  MONTH         = {February},
  YEAR          = {2022},
  LANGUAGE 	= {german},
}

% MR1531365
@article {Hod-1961,
    AUTHOR = {Hodge, Jr., Philip G.},
     TITLE = {Classroom {N}otes: {O}n {I}sotropic {C}artesian {T}ensors},
   JOURNAL = {Amer. Math. Monthly},
  FJOURNAL = {American Mathematical Monthly},
    VOLUME = {68},
      YEAR = {1961},
    NUMBER = {8},
     PAGES = {793--795},
      ISSN = {0002-9890},
   MRCLASS = {DML},
  MRNUMBER = {1531365},
       DOI = {10.2307/2311997},
       URL = {https://doi.org/10.2307/2311997},
}

% MR961258
@book {Kik-1988,
    AUTHOR = {Kikuchi, N. and Oden, J. T.},
     TITLE = {Contact problems in elasticity: a study of variational
              inequalities and finite element methods},
    SERIES = {SIAM Studies in Applied Mathematics},
    VOLUME = {8},
 PUBLISHER = {Society for Industrial and Applied Mathematics (SIAM),
              Philadelphia, PA},
      YEAR = {1988},
     PAGES = {xiv+495},
      ISBN = {0-89871-202-5},
   MRCLASS = {73T05 (49A29 49D15 65N30 73-02 73-08 73C60)},
  MRNUMBER = {961258},
MRREVIEWER = {N. Gass},
       DOI = {10.1137/1.9781611970845},
       URL = {https://doi.org/10.1137/1.9781611970845},
}

% MR0106584
@book {Lif-1959,
    AUTHOR = {Landau, L. D. and Lifshitz, E. M.},
     TITLE = {Theory of elasticity},
    SERIES = {Course of Theoretical Physics, Vol. 7. Translated by J. B. Sykes and W. H. Reid},
 PUBLISHER = {Pergamon Press, London-Paris-Frankfurt; Addison-Wesley
              Publishing Company, Inc., Reading, Mass.},
      YEAR = {1959},
     PAGES = {viii+134},
   MRCLASS = {73.00},
  MRNUMBER = {0106584},
}

@misc{Mar-2003,
  author        = {Martinec, Zden\v{e}k},
  title         = {Continuum mechanics. {L}ecture notes},
  month         = {January},
  year          = {2011},
  howpublished={Charles University, {P}rague},
}

% MR631678
@article {Nit-1981,
    AUTHOR = {Nitsche, J. A.},
     TITLE = {On {K}orn's second inequality},
   JOURNAL = {RAIRO Anal. Num\'{e}r.},
  FJOURNAL = {RAIRO Analyse Num\'{e}rique},
    VOLUME = {15},
      YEAR = {1981},
    NUMBER = {3},
     PAGES = {237--248},
      ISSN = {0399-0516},
   MRCLASS = {35B45 (73C99)},
  MRNUMBER = {631678},
MRREVIEWER = {L. E. Payne},
}

% MR3059294
@book {Ver-2013,
    AUTHOR = {Verf\"{u}rth, R\"{u}diger},
     TITLE = {A posteriori error estimation techniques for finite element
              methods},
    SERIES = {Numerical Mathematics and Scientific Computation},
 PUBLISHER = {Oxford University Press, Oxford},
      YEAR = {2013},
     PAGES = {xx+393},
      ISBN = {978-0-19-967942-3},
   MRCLASS = {65N30 (35J25 35K20 35Q30 35Q74 65N15)},
  MRNUMBER = {3059294},
MRREVIEWER = {Manfred Dobrowolski},
       DOI = {10.1093/acprof:oso/9780199679423.001.0001},
       URL = {https://doi.org/10.1093/acprof:oso/9780199679423.001.0001},
}

